Record 1
LDR  01096nas  2200241Ia 45  
001  861239
005  19930302143920.0
008  810521d19801983dcu x m   s  f0uuua0eng d
040       $a CU-IT $c CU-IT $d m/c $d CU-IT
043       $a n-us---
245  00   $a 1977 nationwide personal transportation study : $b report / $c U.S. Department of Transportation, Federal Highway Administration, Office of Highway Planning.
246  13   $a Nationwide personal transportation study.
260  01   $a Washington, D.C. : $b The Office, $c 1980-
300       $a v. ; $c 28 cm.
362  0    $a No. 1 (Oct. 1980)-no. 11 (Dec. 1983)
500       $a ITS OCLC PE: UNKNOWN LOCATION IN 920 $a; CREATE 998 FIELD.
650   0   $a Automobile driving $z United States $x Statistics.
650   0   $a Automobile drivers $z United States $x Statistics.
710  10   $a United States. $b Office of Highway Planning
710  10   $a United States. $b Federal Highway Administration
852       $a CBT $b CBT* $j Ref. Highway Stats. $3 No. 1 (Oct. 1980)-no. 11 (Dec. 1983)
901       $a CBT $b 07438500
998       $a CBT $b 1003 $c Record contains the unknown location code CBT* $d Release-027-000 $e 07438500

Record 2
