LDR  00999cbj  2200229Ia 45  
001  825722
005  19930302143707.0
008  830705c19839999cau x m  s   c0   a0eng d
040       $a CU-IT $c CU-IT $d OCoLC $d CU-IT
043       $a n-us-ca
245  00   $a 1980 Census working paper.
260       $a Berkeley, Calif. : $b Metropolitan Transportation Commission, $c 1983-
265       $a Metropolitan Transportation Commission, Hotel Claremont, Berkeley, CA 94705
300       $a v. ; $c 28 cm.
362  0    $a 1 (Feb. 1983)-
500   0   $a ITS OCLC NON-DELETE REC: HAS INVALID LEADER TYPE=b; CREATE 998 FIELD.
500   0   $a ITS OCLC NON-DEL REC: INVALID LEADER BIBLVL=j; CREATE 2ND 998 FIELD.
710  10   $a California. $b Metropolitan Transportation Commission
852       $a CBT $b CBTM $j RTS1003 .M4 $3 No. 1 (Feb. 1983)
901       $a CBT $b 09670033
998       $a CBT $b 1004 $c Record contains the invalid leader type b $d Release-027-000 $e 09670033
998       $a CBT $b 1005 $c Record contains the invalid bibliographic level j $d Release-027-000 $e 09670033

Record 3
