LDR  00647nas  22002057a 45  
001  5412
005  20020318000000.0
008  1020318c1974                        eng 
010       $a    85644378 
022  0    $a 0149-1423
110  1    $a American Association of Petroleum Geologists
245  00   $a AAPG bulletin.
246  00   $a AAPG bulletin.
260       $a Tulsa, Okla.
362  0    $a v.58-  Ja 1974-
500  0    $a LLNL LS PE.
780  00   $t Continues American Association of Petroleum Geologists bulletin.
852       $a LLNL $b main $3 32+  1948+
901       $a LLNL $b 100341000
998       $a LLNL $b 1003 $c Record contains the unknown location code main $d Release-027-000 $e 100341000

Record 4
