LDR  00551nas  22001577a 45  
001  369
005  20020318000000.0
008  1020318k19721997                    eng 
022  0    $a 0363-5732
245  00   $a Abstract journal in earthquake engineering.
260       $a Richmond, CA : $b Earthquake Engineering Research Center, University of California.
362  0    $a V.1-26, 1972-1997
500  0    $a LLNL LS PE.
852       $a LLNL $b main $3 V.1-26, 1972-1997
901       $a LLNL $b 100001001
998       $a LLNL $b 1003 $c Record contains the unknown location code main $d Release-027-000 $e 100001001

